@online{HBO-i-reasearch-methods,
    author = {HBO-I},
    title = {Methods},
    urldate = {2023-10-02},
    url = {https://ictresearchmethods.nl/Methods},
    date = {2018},
}
@online{MoSCoW,
    author = {Monday.com},
    title = {The MoSCoW prioritization method explained},
    url = {
           https://monday.com/blog/project-management/moscow-prioritization-method/
           },
    date = {2022},
    urldate = {2023-10-02},
}
@book{Verhoeven,
    author = {Nel Verhoeven},
    title = {Wat is onderzoek},
    year = {2018},
    edition = {2},
    publisher = {Boom}
}
@online{STARR,
    author = {Scribbr},
    title = {Reflecteren met de STARR-methode | Stappenplan + voorbeelden},
    url = {https://www.scribbr.nl/stage/starr-methode/},
    date = {2023},
    urldate = {2023-10-03}
}
@online{ScrumOfOne,
    author = {Kodeco},
    title = {Scrum of One: How to Bring Scrum Into Your One-Person Operation},
    url = {https://www.kodeco.com/585-scrum-of-one-how-to-bring-scrum-into-your-one-person-operation},
    date = {2017},
    urldate = {2023-10-03}
}
@online{PostmanWorkflows,
    author = {Postman.com},
    title = {Customzie request order in a collection run},
    url = {https://learning.postman.com/docs/collections/running-collections/building-workflows/},
    date = {2023},
    urldate = {2023-10-06}
}
@image{4p1ModelViews,
    url = {https://herbertograca.com/2019/08/12/documenting-software-architecture/},
    author = {hgraca},
    date = {2019},
    urldate = {2023-10-05}
}
@image{VModel,
    url = {https://builtin.com/software-engineering-perspectives/v-model},
    author = {Artem Oppermann},
    date = {2023},
    urldate = {2023-10-05}
}
