@online{HBO-i-reasearch-methods,
    author = {HBO-i},
    title = {Methods},
    urldate = {2023-10-02},
    url = {https://ictresearchmethods.nl/Methods},
    date = {2018},
}
@online{MoSCoW,
    author = {Monday.com},
    title = {The MoSCoW prioritization method explained},
    url = {
           https://monday.com/blog/project-management/moscow-prioritization-method/
           },
    date = {2022},
    urldate = {2023-10-02},
}
@book{Verhoeven,
    author = {Nel Verhoeven},
    title = {Wat is onderzoek},
    year = {2018},
    edition = {2},
    publisher = {Boom},
}
@online{DOT-Framework,
    author = {{HBO-ICT open-oio}},
    title = {DOT-Framework},
    year = {2020},
    url = {https://maken.wikiwijs.nl/127721/DOT_framework},
    urldate = {2023-10-10},
}
@online{SnakewareWhatWeDo,
    author = {Snakeware},
    title = {What we do},
    year = {2022},
    url = {https://www.snakeware.com/what-we-do},
    urldate = {2023-10-10},
}
@online{SnakewareCases,
    author = {Snakeware},
    title = {Cases},
    year = {2022},
    url = {https://www.snakeware.nl/cases},
    urldate = {2023-10-10},
}

@online{STARR,
    author = {Scribbr},
    title = {Reflecteren met de STARR-methode | Stappenplan + voorbeelden},
    url = {https://www.scribbr.nl/stage/starr-methode/},
    date = {2023},
    urldate = {2023-10-03},
}
@online{SDLC,
    author = {{Zuci Systems}},
    title = {Levenscyclus van softwareontwikkeling | Wat is SDLC},
    url = {
           https://www.zucisystems.com/nl/diensten/levenscyclus-van-softwareontwikkeling-wat-is-sdlc/
           },
    urldate = {2023-10-10},
}
@online{CSharp,
    author = {Microsoft},
    title = {Een rondleiding door de C\#-taal},
    date = {2022},
    urldate = {2023-10-10},
    url = {https://learn.microsoft.com/nl-nl/dotnet/csharp/tour-of-csharp/},
}
@online{JavaScript,
    author = {Mozilla},
    title = {JavaScript},
    date = {2023},
    url = {2023-10-10},
    urldate = {2023-10-10}
}
@online{PostmanWorkflows,
    author = {Postman},
    title = {Binding request workflows},
    date = {2023},
    urldate = {2023-10-10},
    url = {https://learning.postman.com/docs/collections/running-collections/building-workflows/}
}
@online{ScrumOfOne,
    author = {Kodeco},
    title = {Scrum of One: How to Bring Scrum Into Your One-Person Operation},
    url = {
           https://www.kodeco.com/585-scrum-of-one-how-to-bring-scrum-into-your-one-person-operation
           },
    date = {2017},
    urldate = {2023-10-03},
}
@online{SEO,
    author = {iodigital.com},
    title = {SEO voor beginners: de ultieme checklist},
    url = {https://www.iodigital.com/nl/history/orangedotcom/seo-voor-beginners},
    urldate = {2023-10-10}
}
